@article{zupan2000machine,
  title={Machine learning for survival analysis: a case study on recurrence of prostate cancer},
  author={Zupan, Bla{\v{z}} and Dem{\v{s}}Ar, Janez and Kattan, Michael W and Beck, J Robert and Bratko, Ivan},
  journal={Artificial intelligence in medicine},
  volume={20},
  number={1},
  pages={59--75},
  year={2000},
  publisher={Elsevier}
}


@article{gupta2014machine,
  title={Machine-learning prediction of cancer survival: a retrospective study using electronic administrative records and a cancer registry},
  author={Gupta, Sunil and Tran, Truyen and Luo, Wei and Phung, Dinh and Kennedy, Richard Lee and Broad, Adam and Campbell, David and Kipp, David and Singh, Madhu and Khasraw, Mustafa and others},
  journal={BMJ open},
  volume={4},
  number={3},
  pages={e004007},
  year={2014},
  publisher={British Medical Journal Publishing Group}
}


@article{ganggayah2019predicting,
  title={Predicting factors for survival of breast cancer patients using machine learning techniques},
  author={Ganggayah, Mogana Darshini and Taib, Nur Aishah and Har, Yip Cheng and Lio, Pietro and Dhillon, Sarinder Kaur},
  journal={BMC medical informatics and decision making},
  volume={19},
  number={1},
  pages={48},
  year={2019},
  publisher={BioMed Central}
}

@article{delen2005predicting,
  title={Predicting breast cancer survivability: a comparison of three data mining methods},
  author={Delen, Dursun and Walker, Glenn and Kadam, Amit},
  journal={Artificial intelligence in medicine},
  volume={34},
  number={2},
  pages={113--127},
  year={2005},
  publisher={Elsevier}
}


@article{montazeri2016machine,
  title={Machine learning models in breast cancer survival prediction},
  author={Montazeri, Mitra and Montazeri, Mohadeseh and Montazeri, Mahdieh and Beigzadeh, Amin},
  journal={Technology and Health Care},
  volume={24},
  number={1},
  pages={31--42},
  year={2016},
  publisher={IOS Press}
}


@article{kourou2015machine,
  title={Machine learning applications in cancer prognosis and prediction},
  author={Kourou, Konstantina and Exarchos, Themis P and Exarchos, Konstantinos P and Karamouzis, Michalis V and Fotiadis, Dimitrios I},
  journal={Computational and structural biotechnology journal},
  volume={13},
  pages={8--17},
  year={2015},
  publisher={Elsevier}
}


@article{asri2016using,
  title={Using machine learning algorithms for breast cancer risk prediction and diagnosis},
  author={Asri, Hiba and Mousannif, Hajar and Al Moatassime, Hassan and Noel, Thomas},
  journal={Procedia Computer Science},
  volume={83},
  pages={1064--1069},
  year={2016},
  publisher={Elsevier}
}

@article{chaurasia2017data,
  title={Data mining techniques: to predict and resolve breast cancer survivability},
  author={Chaurasia, Vikas and Pal, Saurabh},
  year={2017}
}

@article{djebbari2008ensemble,
  title={An ensemble machine learning approach to predict survival in breast cancer},
  author={Djebbari, Amira and Liu, Ziying and Phan, Sieu and Famili, Fazel},
  journal={International journal of computational biology and drug design},
  volume={1},
  number={3},
  pages={275--294},
  year={2008},
  publisher={Inderscience Publishers}
}

@article{aruna2011knowledge,
  title={Knowledge based analysis of various statistical tools in detecting breast cancer},
  author={Aruna, S and Rajagopalan, DS and Nandakishore, LV},
  journal={Computer Science \& Information Technology},
  volume={2},
  pages={37--45},
  year={2011}
}

@misc{ucidata,
  author = {UCI Machine Learning Repository},
  title = {Breast Cancer Wisconsin (Diagnostic) Data Set },
  howpublished = {\url{http://archive.ics.uci.edu/ml/datasets/breast+cancer+wisconsin+(diagnostic)}},
  note = {Accessed: 2019-04-15}
}

@misc{trevor2009elements,
  title={The elements of statistical learning: data mining, inference, and prediction},
  author={Trevor, Hastie and Robert, Tibshirani and JH, Friedman},
  year={2009},
  publisher={New York, NY: Springer}
}

@book{james2013introduction,
  title={An introduction to statistical learning},
  author={James, Gareth and Witten, Daniela and Hastie, Trevor and Tibshirani, Robert},
  volume={112},
  year={2013},
  publisher={Springer}
}


@article{mitchell1990machine,
  title={Machine learning},
  author={Mitchell, Tom and Buchanan, Bruce and DeJong, Gerald and Dietterich, Thomas and Rosenbloom, Paul and Waibel, Alex},
  journal={Annual review of computer science},
  volume={4},
  number={1},
  pages={417--433},
  year={1990},
  publisher={Annual Reviews 4139 El Camino Way, PO Box 10139, Palo Alto, CA 94303-0139, USA}
}


@article{gevrey2003review,
  title={Review and comparison of methods to study the contribution of variables in artificial neural network models},
  author={Gevrey, Muriel and Dimopoulos, Ioannis and Lek, Sovan},
  journal={Ecological modelling},
  volume={160},
  number={3},
  pages={249--264},
  year={2003},
  publisher={Elsevier}
}

@article{caretpackage,
    title = {caret: Classification and Regression Training},
    author = {Max Kuhn},
    year = {2018},
    note = {R package version 6.0-81},
    url = {https://CRAN.R-project.org/package=caret},
  }






@article{cruz2006applications,
  title={Applications of machine learning in cancer prediction and prognosis},
  author={Cruz, Joseph A and Wishart, David S},
  journal={Cancer informatics},
  volume={2},
  pages={117693510600200030},
  year={2006},
  publisher={SAGE Publications Sage UK: London, England}
}

@article{niknejad2013introduction,
  title={Introduction to computational intelligence techniques and areas of their applications in medicine},
  author={Niknejad, Ali and Petrovic, Dobrila},
  journal={Med Appl Artif Intell},
  volume={51},
  year={2013}
}

@misc{vipin2006introduction,
  title={Introduction to Data Mining},
  author={Vipin, Kumar and Michael, Steinbach and Pang-Ning, Tan},
  year={2006},
  publisher={Addison Wesley 2005}
}

@inproceedings{platt2000large,
  title={Large margin DAGs for multiclass classification},
  author={Platt, John C and Cristianini, Nello and Shawe-Taylor, John},
  booktitle={Advances in neural information processing systems},
  pages={547--553},
  year={2000}
}

@article{cicchetti1992neural,
  title={Neural networks and diagnosis in the clinical laboratory: state of the art.},
  author={Cicchetti, DV},
  journal={Clinical chemistry},
  volume={38},
  number={1},
  pages={9--10},
  year={1992},
  publisher={Clinical Chemistry}
}

@article{bach2003variations,
  title={Variations in lung cancer risk among smokers},
  author={Bach, Peter B and Kattan, Michael W and Thornquist, Mark D and Kris, Mark G and Tate, Ramsey C and Barnett, Matt J and Hsieh, Lillian J and Begg, Colin B},
  journal={Journal of the National Cancer Institute},
  volume={95},
  number={6},
  pages={470--478},
  year={2003},
  publisher={Oxford University Press}
}
