@article{cox1972regression,
  title={Regression models and life-tables},
  author={Cox, David R},
  journal={Journal of the Royal Statistical Society: Series B (Methodological)},
  volume={34},
  number={2},
  pages={187--202},
  year={1972},
  publisher={Wiley Online Library}
}

@article{simon2011regularization,
  title={Regularization paths for Coxâ€™s proportional hazards model via coordinate descent},
  author={Simon, Noah and Friedman, Jerome and Hastie, Trevor and Tibshirani, Rob},
  journal={Journal of statistical software},
  volume={39},
  number={5},
  pages={1},
  year={2011},
  publisher={NIH Public Access}
}

@article{ishwaran2008random,
  title={Random survival forests},
  author={Ishwaran, Hemant and Kogalur, Udaya B and Blackstone, Eugene H and Lauer, Michael S and others},
  journal={Annals of Applied Statistics},
  volume={2},
  number={3},
  pages={841--860},
  year={2008},
  publisher={Institute of Mathematical Statistics}
}

@article{srivastava2014dropout,
  title={Dropout: a simple way to prevent neural networks from overfitting},
  author={Srivastava, Nitish and Hinton, Geoffrey and Krizhevsky, Alex and Sutskever, Ilya and Salakhutdinov, Ruslan},
  journal={The journal of machine learning research},
  volume={15},
  number={1},
  pages={1929--1958},
  year={2014},
  publisher={JMLR. org}
}

@article{harrell1996multivariable,
  title={Multivariable prognostic models: issues in developing models, evaluating assumptions and adequacy, and measuring and reducing errors},
  author={Harrell Jr, Frank E and Lee, Kerry L and Mark, Daniel B},
  journal={Statistics in medicine},
  volume={15},
  number={4},
  pages={361--387},
  year={1996},
  publisher={Wiley Online Library}
}

@article{mogensen2012evaluating,
  title={Evaluating random forests for survival analysis using prediction error curves},
  author={Mogensen, Ulla B and Ishwaran, Hemant and Gerds, Thomas A},
  journal={Journal of statistical software},
  volume={50},
  number={11},
  pages={1},
  year={2012},
  publisher={NIH Public Access}
}

@article{seow2020development,
  title={Development and Validation of a Prognostic Survival Model With Patient-Reported Outcomes for Patients With Cancer},
  author={Seow, Hsien and Tanuseputro, Peter and Barbera, Lisa and Earle, Craig and Guthrie, Dawn and Isenberg, Sarina and Juergens, Rosalyn and Myers, Jeffrey and Brouwers, Melissa and Sutradhar, Rinku},
  journal={JAMA network open},
  volume={3},
  number={4},
  pages={e201768--e201768},
  year={2020},
  publisher={American Medical Association}
}
